@online{bacteriaGrowth,
    author = "Kenneth Todar",
    date = "2020",
    title = "The Growth of Bacterial Populations",
    url = "http://textbookofbacteriology.net/growth_3.html"
}
